ISA*00*          *00*          *ZZ*SENDERID       *ZZ*RECEIVERID     *260121*1400*^*00501*000000001*0*P*:~
GS*HP*SENDERID*RECEIVERID*20260121*1400*1*X*005010X221A1~
ST*835*0001~
BPR*I*1500.50*C*ACH*CTX*01*123456789*DA*987654321*20260121*10001*01*987654321*DA*123456789*20260121~
TRN*1*CHK12345*1999999999~
N1*PR*FAKE PAYER INC~
N1*PE*PROVIDER MEDICAL CENTER*XX*1234567890~
CLP*PATIENTACCOUNT01*1*2000*1500.50*499.50*15*CLAIM12345*11*1~
CAS*PR*2*499.50~
NM1*QC*1*DOE*JANE*A***MI*PATIENT12345~
DTM*232*20260115~
SVC*HC:99214*1200*800**1~
DTM*472*20260115~
CAS*PR*2*400~
SVC*HC:73630*800*700.50**1~
DTM*472*20260115~
CAS*CO*45*99.50~
SE*17*0001~
GE*1*1~
IEA*1*000000001~
